@TechReport{VilhuberLagoze2019,
	Title = {{m}etajelo: {A} metadata package for journals to support external linked objects},
	Author = {Carl Lagoze and Lars Vilhuber},
	Institution = {Labor Dynamics Institute},
	Year = {2019},
	Month = {April},
	Number = {52},
	Type = {Document},
	Abstract = {We propose a metadata package that is intended to provide academic journals with a lightweight means of registering, at the time of publication, the existence and disposition of supplementary materials. Information about the supplementary materials is, in most cases, critical for the reproducibility and replicability of scholarly results. In many instances, these materials are curated by a third party, which may or may not follow developing standards for the identification and description of those materials. As such, the vocabulary described here complements existing initiatives that specify vocabularies to describe the supplementary materials or the repositories and archives in which they have been deposited. Where possible, it reuses elements of relevant other vocabularies, facilitating coexistence with them. Furthermore, it provides an “at publication” record of reproducibility characteristics of a particular article that has been selected for publication. The proposed metadata package documents the key characteristics that journals care about in the case of supplementary materials that are held by third parties: existence, accessibility, and permanence. It does so in a robust, time-invariant fashion at the time of publication, when the editorial decisions are made. It also allows for better documentation of less accessible (non-public data), by treating it symmetrically from the point of view of the journal, therefore increasing the transparency of what up until now has been very opaque.},
	Owner = {vilhuber},
	Timestamp = {2019.04.10},
	URL = {http://digitalcommons.ilr.cornell.edu/ldi/52/}
}

@Inbook{Mueller2019,
author="M{\"u}ller, Dana and M{\"o}ller, Joachim",
editor="Crato, Nuno and Paruolo, Paolo",
title="Giving the International Scientific Community Access to German Labor Market Data: A Success Story",
bookTitle="Data-Driven Policy Impact Evaluation: How Access to Microdata is Transforming Policy Design",
year="2019",
publisher="Springer International Publishing",
pages="101--117",
abstract="Social security data are an important resource for labor market research. In Germany, the Institute for Employment Research (IAB) of the Federal Employment Agency is responsible for processing these data resources into microdata products and linking them to surveys on individuals and establishments. Since 2004, IAB's standardized data products have been offered to external scholars by the Institute's Research Data Center. The provision of data resources to the international scientific community is a great success story. The number of worldwide users is growing steadily. Furthermore, cooperation projects have significantly increased knowledge on the structures and processes of the German labor market. Today, the IAB is part of a worldwide network of top-tier labor market researchers and has substantially improved its evidence-based policy advice.",
isbn="978-3-319-78461-8",
doi="10.1007/978-3-319-78461-8_7",
url="https://doi.org/10.1007/978-3-319-78461-8_7"
}



@article{CheminWasmer2009,
author = {Chemin, Matthieu and Wasmer, Etienne},
title = {Using Alsace‐Moselle Local Laws to Build a Difference‐in‐Differences Estimation Strategy of the Employment Effects of the 35‐Hour Workweek Regulation in France},
journal = {Journal of Labor Economics},
volume = {27},
number = {4},
pages = {487-524},
year = {2009},
doi = {10.1086/605426},
URL = {https://doi.org/10.1086/605426},
eprint = {https://doi.org/10.1086/605426},
    abstract = { France’s 1998 implementation of the 35‐hour workweek has been one of the greatest regulatory shocks on labor markets. Few studies evaluate the impact of this regulation because of a lack of identification strategies. For historical reasons due to the way Alsace‐Moselle was returned to France in 1918, the implementation of France’s 35‐hour workweek was less stringent in that region than in the rest of the country, which is confirmed by double and triple differences. Yet it shows no significant difference in employment with the rest of France, which casts doubt on the effectiveness of this regulation. }
}





@article{CheminWasmer2017erratum,
author = {Chemin, Matthieu and Wasmer, Etienne},
title = {Erratum},
journal = {Journal of Labor Economics},
volume = {35},
number = {4},
pages = {1149-1152},
year = {2017},
doi = {10.1086/693983},
URL = {https://doi.org/10.1086/693983},
eprint = {https://doi.org/10.1086/693983},
abstract={We thank Olivier Godechot (Sciences Po) for bringing to our attention two main points from our article titled “Using Alsace-Moselle Local Laws to Build a Difference-in-Differences Estimation Strategy of the Employment Effects of the 35-Hour Workweek Regulation in France” (Journal of Labor Economics 27, no. 4 [2009]: 487–524): a coding mistake and a discussion of border workers. A summary of his discussion can be found on his home page.}
}

@techreport{Godechot2016,
title = {L'Alsace-Moselle peut-elle d\'ecider des 35 heures ?},
author = {Godechot Olivier},
year = {2016},
type = {Notes et documents},
institution ={OSC},
number = {2016-04},
abstract = {L’article de Chemin et Wasmer (2009) tente d’établir l’inefficacité de la politique de réduction du temps de travail dite des « 35 heures » en matière d’emploi en exploitant une expérience naturelle : l’Alsace-Moselle a subi une réduction du temps de travail de moindre ampleur que le reste de la métropole car elle a pu intégrer dans son calcul deux jours fériés additionnels qui existaient pour des raisons historiques. L’article de 2009 propose pour cela de montrer d’une part que les salariés de ces trois départements ont connu une réduction de la semaine de travail significativement moindre que ceux du reste de la France et d’autre part que cette différence n’a pas été accompagnée par plus de chômage ou moins de créations d’emploi. Lors d’une réplication de cet article, nous avons découvert une erreur de code informatique dans la définition des entreprises de plus de vingt salariés qui fausse sensiblement les résultats. Sa correction ainsi qu’une meilleure prise en compte du caractère frontalier de la région concernée infirment les hypothèses de l’article. La réduction du temps de travail, telle qu’elle est mesurée par l’enquête Emploi, a été aussi importante en Alsace-Moselle que dans le reste de la France. Ainsi, notre propre travail jette des doutes sur la validité de cette expérience naturelle pour évaluer les effets de la réduction du temps de travail sur l’emploi.}
}

@article{10.1257/app.20170300,
Author = {Kearney, Melissa S. and Levine, Phillip B.},
Title = {Early Childhood Education by Television: Lessons from Sesame Street},
Journal = {American Economic Journal: Applied Economics},
Volume = {11},
Number = {1},
Year = {2019},
Month = {January},
Pages = {318-50},
DOI = {10.1257/app.20170300},
URL = {http://www.aeaweb.org/articles?id=10.1257/app.20170300}}


@article{henrichWarIncreasesReligiosity2019,
  title = {War Increases Religiosity},
  issn = {2397-3374},
  url = {https://www.nature.com/articles/s41562-018-0512-3},
  doi = {10.1038/s41562-018-0512-3},
  abstract = {Data from three diverse post-conflict societies show that individuals with greater war exposure, several years later, were more likely to participate in religious groups and rituals. This reveals a link from violent conflict to religiosity.},
  journaltitle = {Nature Human Behaviour},
  urldate = {2019-02-04},
  date = {2019-01-28},
  pages = {1},
  author = {Henrich, Joseph and Bauer, Michal and Cassar, Alessandra and Chytilová, Julie and Purzycki, Benjamin Grant},
}
